<record><leader>00000cas a22000007a 4500</leader><controlfield tag="001">18102196</controlfield><controlfield tag="008">880617d18721893ohucr ne      0    0eng d</controlfield><datafield ind1=" " ind2=" " tag="010"><subfield code="a">sn 88077513 </subfield></datafield><datafield ind1=" " ind2=" " tag="040"><subfield code="a">ONP</subfield><subfield code="b">eng</subfield><subfield code="c">ONP</subfield><subfield code="d">OCLCQ</subfield></datafield><datafield ind1=" " ind2=" " tag="042"><subfield code="a">msc</subfield></datafield><datafield ind1="0" ind2=" " tag="130"><subfield code="a">London enterprise (London, Ohio : 1872)</subfield></datafield><datafield ind1="1" ind2="4" tag="245"><subfield code="a">The London enterprise.</subfield></datafield><datafield ind1=" " ind2=" " tag="260"><subfield code="a">London, O. [Ohio] :</subfield><subfield code="b">John Wallace,</subfield><subfield code="c">-1893.</subfield></datafield><datafield ind1=" " ind2=" " tag="310"><subfield code="a">Semiweekly,</subfield><subfield code="b">Sept. 30, 1890-Dec. 29, 1893</subfield></datafield><datafield ind1=" " ind2=" " tag="321"><subfield code="a">Weekly,</subfield><subfield code="b">Jan. 18, 1872-Sept. 24, 1890</subfield></datafield><datafield ind1="1" ind2=" " tag="362"><subfield code="a">Began with Jan. 18, 1872 issue.</subfield></datafield><datafield ind1="0" ind2=" " tag="362"><subfield code="a">-v. 22, no. 104 (Dec. 29, 1893).</subfield></datafield><datafield ind1=" " ind2=" " tag="588"><subfield code="a">Description based on: Vol. 1, no. 3 (Jan. 31, 1872).</subfield></datafield><datafield ind1=" " ind2=" " tag="752"><subfield code="a">United States</subfield><subfield code="b">Ohio</subfield><subfield code="c">Madison</subfield><subfield code="d">London.</subfield></datafield><datafield ind1="0" ind2="0" tag="785"><subfield code="t">London semi-weekly enterprise</subfield><subfield code="w">(DLC)sn 88077514</subfield></datafield></record>